%YAML 1.1
%TAG !u! tag:unity3d.com,2011:
--- !u!1 &1012439391159093987
GameObject:
  m_ObjectHideFlags: 0
  m_CorrespondingSourceObject: {fileID: 0}
  m_PrefabInstance: {fileID: 0}
  m_PrefabAsset: {fileID: 0}
  serializedVersion: 6
  m_Component:
  - component: {fileID: 7416593354895687260}
  - component: {fileID: 5577621389580591065}
  - component: {fileID: 2974107706802247025}
  - component: {fileID: -1343690410485115172}
  m_Layer: 0
  m_Name: Monedas
  m_TagString: Moneda
  m_Icon: {fileID: 0}
  m_NavMeshLayer: 0
  m_StaticEditorFlags: 0
  m_IsActive: 1
--- !u!4 &7416593354895687260
Transform:
  m_ObjectHideFlags: 0
  m_CorrespondingSourceObject: {fileID: 0}
  m_PrefabInstance: {fileID: 0}
  m_PrefabAsset: {fileID: 0}
  m_GameObject: {fileID: 1012439391159093987}
  m_LocalRotation: {x: 0, y: 0, z: 0, w: 1}
  m_LocalPosition: {x: 0.42995, y: 1.1187, z: 0}
  m_LocalScale: {x: 0.70209914, y: 0.70811874, z: 1}
  m_ConstrainProportionsScale: 0
  m_Children:
  - {fileID: 2577011255654574140}
  m_Father: {fileID: 0}
  m_RootOrder: 0
  m_LocalEulerAnglesHint: {x: 0, y: 0, z: 0}
--- !u!54 &5577621389580591065
Rigidbody:
  m_ObjectHideFlags: 0
  m_CorrespondingSourceObject: {fileID: 0}
  m_PrefabInstance: {fileID: 0}
  m_PrefabAsset: {fileID: 0}
  m_GameObject: {fileID: 1012439391159093987}
  serializedVersion: 2
  m_Mass: 1
  m_Drag: 0
  m_AngularDrag: 0.05
  m_UseGravity: 1
  m_IsKinematic: 0
  m_Interpolate: 0
  m_Constraints: 124
  m_CollisionDetection: 0
--- !u!114 &2974107706802247025
MonoBehaviour:
  m_ObjectHideFlags: 0
  m_CorrespondingSourceObject: {fileID: 0}
  m_PrefabInstance: {fileID: 0}
  m_PrefabAsset: {fileID: 0}
  m_GameObject: {fileID: 1012439391159093987}
  m_Enabled: 1
  m_EditorHideFlags: 0
  m_Script: {fileID: 11500000, guid: 3d3acc5de1de13c469cc7b77a6d5c3e6, type: 3}
  m_Name: 
  m_EditorClassIdentifier: 
--- !u!135 &-1343690410485115172
SphereCollider:
  m_ObjectHideFlags: 0
  m_CorrespondingSourceObject: {fileID: 0}
  m_PrefabInstance: {fileID: 0}
  m_PrefabAsset: {fileID: 0}
  m_GameObject: {fileID: 1012439391159093987}
  m_Material: {fileID: 0}
  m_IsTrigger: 0
  m_Enabled: 1
  serializedVersion: 2
  m_Radius: 0.5
  m_Center: {x: 0, y: 0, z: 0}
--- !u!1001 &2614862299021971415
PrefabInstance:
  m_ObjectHideFlags: 0
  serializedVersion: 2
  m_Modification:
    m_TransformParent: {fileID: 7416593354895687260}
    m_Modifications:
    - target: {fileID: -8679921383154817045, guid: b771bf00b7cb75b4fb72d1c96eb27dc7,
        type: 3}
      propertyPath: m_RootOrder
      value: 0
      objectReference: {fileID: 0}
    - target: {fileID: -8679921383154817045, guid: b771bf00b7cb75b4fb72d1c96eb27dc7,
        type: 3}
      propertyPath: m_LocalScale.x
      value: 1.2298
      objectReference: {fileID: 0}
    - target: {fileID: -8679921383154817045, guid: b771bf00b7cb75b4fb72d1c96eb27dc7,
        type: 3}
      propertyPath: m_LocalScale.y
      value: 1.2298
      objectReference: {fileID: 0}
    - target: {fileID: -8679921383154817045, guid: b771bf00b7cb75b4fb72d1c96eb27dc7,
        type: 3}
      propertyPath: m_LocalScale.z
      value: 1.2298
      objectReference: {fileID: 0}
    - target: {fileID: -8679921383154817045, guid: b771bf00b7cb75b4fb72d1c96eb27dc7,
        type: 3}
      propertyPath: m_LocalPosition.x
      value: 0.26159352
      objectReference: {fileID: 0}
    - target: {fileID: -8679921383154817045, guid: b771bf00b7cb75b4fb72d1c96eb27dc7,
        type: 3}
      propertyPath: m_LocalPosition.y
      value: 3.6468
      objectReference: {fileID: 0}
    - target: {fileID: -8679921383154817045, guid: b771bf00b7cb75b4fb72d1c96eb27dc7,
        type: 3}
      propertyPath: m_LocalPosition.z
      value: 8.1133
      objectReference: {fileID: 0}
    - target: {fileID: -8679921383154817045, guid: b771bf00b7cb75b4fb72d1c96eb27dc7,
        type: 3}
      propertyPath: m_LocalRotation.w
      value: 0.9999921
      objectReference: {fileID: 0}
    - target: {fileID: -8679921383154817045, guid: b771bf00b7cb75b4fb72d1c96eb27dc7,
        type: 3}
      propertyPath: m_LocalRotation.x
      value: -0.003991388
      objectReference: {fileID: 0}
    - target: {fileID: -8679921383154817045, guid: b771bf00b7cb75b4fb72d1c96eb27dc7,
        type: 3}
      propertyPath: m_LocalRotation.y
      value: -0
      objectReference: {fileID: 0}
    - target: {fileID: -8679921383154817045, guid: b771bf00b7cb75b4fb72d1c96eb27dc7,
        type: 3}
      propertyPath: m_LocalRotation.z
      value: -0
      objectReference: {fileID: 0}
    - target: {fileID: -8679921383154817045, guid: b771bf00b7cb75b4fb72d1c96eb27dc7,
        type: 3}
      propertyPath: m_LocalEulerAnglesHint.x
      value: -0.457
      objectReference: {fileID: 0}
    - target: {fileID: -8679921383154817045, guid: b771bf00b7cb75b4fb72d1c96eb27dc7,
        type: 3}
      propertyPath: m_LocalEulerAnglesHint.y
      value: 0
      objectReference: {fileID: 0}
    - target: {fileID: -8679921383154817045, guid: b771bf00b7cb75b4fb72d1c96eb27dc7,
        type: 3}
      propertyPath: m_LocalEulerAnglesHint.z
      value: 0
      objectReference: {fileID: 0}
    - target: {fileID: -7511558181221131132, guid: b771bf00b7cb75b4fb72d1c96eb27dc7,
        type: 3}
      propertyPath: m_Materials.Array.data[0]
      value: 
      objectReference: {fileID: 2100000, guid: 37417ef007c4a9243a493b8c9debe40a, type: 2}
    - target: {fileID: 919132149155446097, guid: b771bf00b7cb75b4fb72d1c96eb27dc7,
        type: 3}
      propertyPath: m_Name
      value: Moeda
      objectReference: {fileID: 0}
    - target: {fileID: 919132149155446097, guid: b771bf00b7cb75b4fb72d1c96eb27dc7,
        type: 3}
      propertyPath: m_TagString
      value: Moneda
      objectReference: {fileID: 0}
    m_RemovedComponents: []
  m_SourcePrefab: {fileID: 100100000, guid: b771bf00b7cb75b4fb72d1c96eb27dc7, type: 3}
--- !u!4 &2577011255654574140 stripped
Transform:
  m_CorrespondingSourceObject: {fileID: -8679921383154817045, guid: b771bf00b7cb75b4fb72d1c96eb27dc7,
    type: 3}
  m_PrefabInstance: {fileID: 2614862299021971415}
  m_PrefabAsset: {fileID: 0}
--- !u!1 &2920780869239648902 stripped
GameObject:
  m_CorrespondingSourceObject: {fileID: 919132149155446097, guid: b771bf00b7cb75b4fb72d1c96eb27dc7,
    type: 3}
  m_PrefabInstance: {fileID: 2614862299021971415}
  m_PrefabAsset: {fileID: 0}
--- !u!65 &6892709221731380769
BoxCollider:
  m_ObjectHideFlags: 0
  m_CorrespondingSourceObject: {fileID: 0}
  m_PrefabInstance: {fileID: 0}
  m_PrefabAsset: {fileID: 0}
  m_GameObject: {fileID: 2920780869239648902}
  m_Material: {fileID: 0}
  m_IsTrigger: 1
  m_Enabled: 1
  serializedVersion: 2
  m_Size: {x: 1.9288583, y: 1.9250522, z: 0.19178435}
  m_Center: {x: -0.000000059604645, y: -0.00000050672105, z: 0.08760831}
--- !u!114 &4754913263321545755
MonoBehaviour:
  m_ObjectHideFlags: 0
  m_CorrespondingSourceObject: {fileID: 0}
  m_PrefabInstance: {fileID: 0}
  m_PrefabAsset: {fileID: 0}
  m_GameObject: {fileID: 2920780869239648902}
  m_Enabled: 1
  m_EditorHideFlags: 0
  m_Script: {fileID: 11500000, guid: fcbd0e1b4dd45514e8cd49fc9e08e13f, type: 3}
  m_Name: 
  m_EditorClassIdentifier: 
  rotacionVelocidad: 1
